@article{src,
author = {Fahmeeda, Sayyada and Ayan, Mohamed and Shamsuddin, Mohamed and Amreen, Aliya},
year = {2022},
month = {12},
pages = {649-654},
title = {Voice Based Gender Recognition Using Deep Learning},
volume = {3},
journal = {International Journal of Innovative Research and Growth}
}
